@manual{Anleitung,
  publisher = {TU Dortmund},
  title = {Versuchsaneitung V311 - Hallspannung},
  year = {2019}
}
@book{Handbuch,
author = {Arnold Berliner, Karl Scheel},
title={Physikalisches Handwörterbuch},
publisher={Verlag von Julius Springer 1932},
series={2nd edition},
year={1932},
pages={277}
}
@article{Literaturwerte_Spezifische_Wiederstände,
    title   = {Spezifische Widerstände und Leitfähigkeiten wichtiger Werkstoffe der Elektrotechnik},
    url = {https://www.elektrotechnik-fachwissen.de/tabellen/spezifische-widerstaende-leitwerte.php},
 }
@article{Literaturwerte_Kupfer,
    title   = {Kupfer - Eigenschaften},
    url = {https://www.chemie.de/lexikon/Kupfer.html},
 }
 @article{Literaturwerte_Silber,
    title   = {Silber - Eigenschaften},
    url = {https://www.chemie.de/lexikon/Silber.html},
 }https://www.chemie.de/lexikon/Zink.html
@article{Literaturwerte_Zink,
    title   = {Zink - Eigenschaften},
    url = {https://www.chemie.de/lexikon/Zink.html},
 }