@manual{Anleitung,
  publisher = {TU Dortmund},
  title = {Versuchsaneitung 354 - GedÃ¤mpfte und erzwungene Schwinungen},
  year = {2019}
}
@manual{Anleitung2,
  publisher = {TU Dortmund},
  title = {Versuchsaneitung 353 - Das Relaxationsverhalten eines RC-Kreises},
  year = {2019}
}
