@manual{Anleitung,
  publisher = {TU Dortmund},
  title = {Versuchsaneitung 206 - Wärmepumpe},
  year = {2019}
}
@online{curvefit,
  url={https://docs.scipy.org/doc/scipy/reference/generated/scipy.optimize.curve_fit.html},
  urldate={2019-12-10}
}
@online{wasser,
  title={Wärmekapazität},
  url={https://www.energie-lexikon.info/waermekapazitaet.html},
  urldate={2019-12-10}
}
@article{Verdampfungswärme,
	author   = {Marcel Kebekus und Konstantin Mrozik},
	title    = {Versuchsnummer 203, Verdampfungswärme},
	date     = {2019},
}