@article{anleitung,
  title = {Versuch 401: Michelson-Interferometer},
  author = {Tu Dortmund},
}
