@article{anleitung,
  title = {Versuch 501: Ablenkung eines Elektronenstrahls im elektrischen Feld},
  author = {Tu Dortmund},
}
