@manual{Anleitung,
  publisher = {TU Dortmund},
  title = {Versuchsaneitung V303 - Der Lock-In-VerstÃ¤rker},
  year = {2019}
}
