@manual{Anleitung,
  publisher = {TU Dortmund},
  title = {Versuchsaneitung V102 - Drehschwingung},
  year = {2019}
}
@book{Handbuch,
author = {Arnold Berliner, Karl Scheel},
title={Physikalisches Handwörterbuch},
publisher={Verlag von Julius Springer 1932},
series={2nd edition},
year={1932},
pages={277}
}
@book{elastisches_Nachwirken,
title = {Meyers Großes Konversations-Lexikon, Band 5.},
address ={Leibzig},
year ={1906},
pages ={589 -- 590}
}
@manual{lit_E,
url={https://www.engineeringtoolbox.com/young-modulus-d_417.html}
}
@book{lit_G,
author={Crandall, Dahl, Lardner},
title={An Introduction to the Mechanics of Solids},
year={1959},
publisher={McGraw-Hill}
}
@INPROCEEDINGS{lit_mu,
author={R. W. Ogden},
title={Non-Linear Elastic Deformations},
publisher={Dover Publications, Inc., Mineola, New York (1984)}
}
