@manual{Anleitung,
  publisher = {TU Dortmund},
  title = {Versuchsaneitung 355 - Gekoppelte Schwingkreise},
  year = {2019}
}