@manual{Fouriertransformation_fuer_Fussgaenger,
  author = {T. Butz},
  title = {Fouriertransformation für Anfänger},
  year = 2000
}
