@manual{Anleitung,
  publisher = {TU Dortmund},
  title = {Versuchsaneitung V203 - Verdampfungswärme und Dampfdruck-Kurve},
  year = {2019}
}
@article{Literaturwerte,
  title = "Verdampfungswärme und Kondensationswärme",
  url = "https://www.energie-lexikon.info/verdampfungswaerme_und_kondensationswaerme.html"
}