@article{anleitung,
  title = {Versuch V702: Ativierung mit Neutronen},
  author = {Tu Dortmund},
}
@online{wiki,
  title = {Z채hlrohr},
  url={https://de.wikipedia.org/wiki/Z채hlrohr#Geiger-M체ller-Z채hlrohr},
  urldate = {24.06.2020},
}