@article{schnöringfedern,
  author = {Karl und Ernst Schnöring},
  title = {Schnöring Federn},
  year = {1977},
}
@online{AusM2,
  title = {Auslegung Metallfedern — Teil 2 „Berechnung“},
  url = {https://blog.federnshop.com/auslegung-metallfedern-berechnung/},
}
@online{KompZ,
  title = {Kompaktes Wissen rund um Zugfedern!},
  url= {https://blog.federnshop.com/zugfedern-wissen/},
}
@online{Federrate,
  title = {Federkonstante berechnen},
  url= {https://blog.federnshop.com/federkonstante/},
}
@online{EiZ,
  title = {Eigenschaften Zugfedern},
  url= {https://blog.federnshop.com/zugfedern/},
}
@online{BeAZ,
  title = {Beanspruchungsarten Zugfedern},
  url= {https://blog.federnshop.com/beanspruchung-zugfedern/},
}
@online{Programm,
title = {Federberchnungsprogramm WinFSB 8.1},
url = {https://www.federnshop.com/de/service_informationen/federberechnungsprogramm_winfsb.html},
author= {Gutekunst Federn"},
version = {8.1},
}
@book{Metallfedern,
author = {Meissner, Manfred; Kletzin, Ulf; Schorcht, Hans-Jürgen},
title = {Metallfedern Grundlagen, Werkstoffe, Berechnung, Gestaltung und Rechereinsatz},
publisher={Ed.:3.Auflage. Berlin: Springer Vieweg 2015},
year ={2015},
}
@article{numpy_polyfit,
  author = "The SciPy community",
  title = "numpy.polyfit",
  url = "https://docs.scipy.org/doc/numpy/reference/generated/numpy.polyfit.html",
  version = "1.8.5",
}
