@article{anleitung,
  title = {Versuch 408: Geometrische Optik},
  author = {Tu Dortmund},
}
