@manual{Anleitung,
  publisher = {TU Dortmund},
  title = {Versuchsaneitung V106 - Gekoppelte Pendel},
  year = {2019}
}
